<?xml version="1.0" encoding="UTF-8" ?>
<collection xmlns:xsi="http://www.w3.org/2001/XMLSchema-instance"
    xsi:schemaLocation="http://www.loc.gov/MARC21/slim
        http://www.loc.gov/standards/marcxml/schema/MARC21slim.xsd"
    xmlns="http://www.loc.gov/MARC21/slim">
<record>
  <leader>00262cam a2200505 i 4500</leader>
  <controlfield tag="001">b12552847</controlfield>
  <controlfield tag="003">LeBAU</controlfield>
  <controlfield tag="005">20181018</controlfield>
  <controlfield tag="008">970801s1950    le       b    ||0 0dara d</controlfield>
  <datafield tag="035" ind1=" " ind2=" ">
    <subfield code="a">ocn784403840</subfield>
  </datafield>
  <datafield tag="040" ind1=" " ind2=" ">
    <subfield code="a">LEAUB</subfield>
    <subfield code="b">ara</subfield>
    <subfield code="e">rda</subfield>
    <subfield code="c">LEAUB</subfield>
    <subfield code="d">LEAUB</subfield>
  </datafield>
  <datafield tag="082" ind1="0" ind2="4">
    <subfield code="a">892.78</subfield>
    <subfield code="2">22</subfield>
  </datafield>
  <datafield tag="100" ind1="1" ind2=" ">
    <subfield code="6">880-01</subfield>
    <subfield code="a">Farrūkh, ʻUmar,</subfield>
    <subfield code="d">1906-1987,</subfield>
    <subfield code="e">author.</subfield>
  </datafield>
  <datafield tag="240" ind1="1" ind2="0">
    <subfield code="6">880-02</subfield>
    <subfield code="a">Kalimah fī Aḥmad Shawqī</subfield>
  </datafield>
  <datafield tag="245" ind1="1" ind2="0">
    <subfield code="6">880-03</subfield>
    <subfield code="a">Aḥmad Shawqī :</subfield>
    <subfield code="b">amīr al-shuʻarāʼ fī al-ʻaṣr al-ḥadīth /</subfield>
    <subfield code="c">ta’līf ʻUmar Farrūkh, duktūr fī al-falsafah, ʻuḍw al-Majmaʻ al-ʻIlmī al-ʻArabī fī Dimashq, ʻuḍw Jamʻīyat al-Buḥūth al-Islāmīyah fī Būmbāy.</subfield>
  </datafield>
  <datafield tag="246" ind1="1" ind2="5">
    <subfield code="a">AḤMAD SHAWQI :</subfield>
    <subfield code="b">The Arab Poet Laureate of Modern Times</subfield>
  </datafield>
  <datafield tag="250" ind1=" " ind2=" ">
    <subfield code="6">880-04</subfield>
    <subfield code="a">al-Ṭabʻah al-thānīyah.</subfield>
  </datafield>
  <datafield tag="264" ind1=" " ind2="1">
    <subfield code="6">880-05</subfield>
    <subfield code="a">Bayrūt :</subfield>
    <subfield code="b">Maktabat Munayminah,</subfield>
    <subfield code="c">1370 H. = 1950 M.</subfield>
  </datafield>
  <datafield tag="300" ind1=" " ind2=" ">
    <subfield code="6">880-06</subfield>
    <subfield code="a">63 pages ;</subfield>
    <subfield code="c">22 cm.</subfield>
  </datafield>
  <datafield tag="336" ind1=" " ind2=" ">
    <subfield code="a">text</subfield>
    <subfield code="b">txt</subfield>
    <subfield code="2">rdacontent</subfield>
  </datafield>
  <datafield tag="337" ind1=" " ind2=" ">
    <subfield code="a">unmediated</subfield>
    <subfield code="b">n</subfield>
    <subfield code="2">rdamedia</subfield>
  </datafield>
  <datafield tag="338" ind1=" " ind2=" ">
    <subfield code="a">volume</subfield>
    <subfield code="b">nc</subfield>
    <subfield code="2">rdacarrier</subfield>
  </datafield>
  <datafield tag="490" ind1="1" ind2=" ">
    <subfield code="6">880-07</subfield>
    <subfield code="a">Dirāsāt qaṣīrah fī al-adab wa-al-tārīkh wa-al-falsafah ;</subfield>
    <subfield code="v">6</subfield>
  </datafield>
  <datafield tag="500" ind1=" " ind2=" ">
    <subfield code="a">صدر هذا الكتاب سابقا تحت عنوان: كلمة في أحمد شوقي.</subfield>
  </datafield>
  <datafield tag="504" ind1=" " ind2=" ">
    <subfield code="a">يتضمن مراجع ببليوغرافية (صفحات 3-4)</subfield>
  </datafield>
  <datafield tag="600" ind1="1" ind2="4">
    <subfield code="a">شوقي، أحمد،</subfield>
    <subfield code="d">1868-1932</subfield>
    <subfield code="x">نقد وتأويل.</subfield>
  </datafield>
  <datafield tag="600" ind1="1" ind2="0">
    <subfield code="a">Shawqi, Ahmad,</subfield>
    <subfield code="d">1868-1932</subfield>
    <subfield code="x">Criticism and interpretation.</subfield>
  </datafield>
  <datafield tag="650" ind1=" " ind2="4">
    <subfield code="a">الأدب العربي</subfield>
    <subfield code="y">القرن العشرون</subfield>
    <subfield code="x">تاريخ ونقد.</subfield>
  </datafield>
  <datafield tag="650" ind1=" " ind2="0">
    <subfield code="a">Arabic literature</subfield>
    <subfield code="y">20th century</subfield>
    <subfield code="x">History and criticism.</subfield>
  </datafield>
  <datafield tag="775" ind1="0" ind2="8">
    <subfield code="6">880-08</subfield>
    <subfield code="i">has designation of edition</subfield>
    <subfield code="4">http://rdaregistry.info/Elements/m/P30133 :</subfield>
    <subfield code="t">Kalimah fī Aḥmad Shawqī.</subfield>
    <subfield code="d">Bayrūt : Maktabat Munayminah, 1361 H. = 1942 M.</subfield>
    <subfield code="w">(OCoLC)784403841</subfield>
    <subfield code="w">(OCoLC)784403841</subfield>
  </datafield>
  <datafield tag="830" ind1=" " ind2="0">
    <subfield code="6">880-09</subfield>
    <subfield code="a">Dirāsāt qaṣīrah fī al-adab wa-al-tārīkh wa-al-falsafah ;</subfield>
    <subfield code="v">6.</subfield>
  </datafield>
  <datafield tag="852" ind1=" " ind2=" ">
    <subfield code="a">Jafet Library</subfield>
    <subfield code="e">American University of Beirut, Bliss Street , Beirut, Lebanon.</subfield>
  </datafield>
  <datafield tag="880" ind1="1" ind2=" ">
    <subfield code="6">100-01/(3/r</subfield>
    <subfield code="a">فروخ، عمر،</subfield>
    <subfield code="d">1906-1987،</subfield>
    <subfield code="e">مؤلف. </subfield>
    <subfield code="4">aut.</subfield>
  </datafield>
  <datafield tag="880" ind1="1" ind2="0">
    <subfield code="6">240-02/(3/r</subfield>
    <subfield code="a">كلمة في أحمد شوقي</subfield>
  </datafield>
  <datafield tag="880" ind1="1" ind2="0">
    <subfield code="6">245-03/(3/r</subfield>
    <subfield code="a">أحمد شوقي :</subfield>
    <subfield code="b">أمير الشعراء في العصر الحديث /</subfield>
    <subfield code="c">تأليف عمر فروخ، دكتور في الفلسفة، عضو المجمع العلمي العربي في دمشق، عضو جمعية البحوث الإسلامية في بومباي.</subfield>
  </datafield>
  <datafield tag="880" ind1=" " ind2=" ">
    <subfield code="6">250-04/(3/r</subfield>
    <subfield code="a">الطبعة الثانية.</subfield>
  </datafield>
  <datafield tag="880" ind1=" " ind2="1">
    <subfield code="6">264-05/(3/r</subfield>
    <subfield code="a">بيروت :</subfield>
    <subfield code="b">مكتبة منيمنة،</subfield>
    <subfield code="c">1370 هـ. = 1950 م.</subfield>
  </datafield>
  <datafield tag="880" ind1=" " ind2=" ">
    <subfield code="6">300-06/(3/r</subfield>
    <subfield code="a">63 صفحة ؛</subfield>
    <subfield code="c">22 سم.</subfield>
  </datafield>
  <datafield tag="880" ind1="1" ind2=" ">
    <subfield code="6">490-07/(3/r</subfield>
    <subfield code="a">دراسات قصيرة في الادب والتاريخ والفلسفة ؛</subfield>
    <subfield code="v">6</subfield>
  </datafield>
  <datafield tag="880" ind1="0" ind2="8">
    <subfield code="6">775-08/(3/r</subfield>
    <subfield code="i">دلالة على الطبعة</subfield>
    <subfield code="4">http://rdaregistry.info/Elements/m/P30133 :</subfield>
    <subfield code="t">كلمة في أحمد شوقي.</subfield>
    <subfield code="d">بيروت : مكتبة منيمنة، 1361 هـ. = 1942 م.</subfield>
    <subfield code="w">b12552859</subfield>
    <subfield code="w">(OCoLC)784403841</subfield>
  </datafield>
  <datafield tag="880" ind1=" " ind2="0">
    <subfield code="6">830-09/(3/r</subfield>
    <subfield code="a">دراسات قصيرة في الادب والتاريخ والفلسفة ؛</subfield>
    <subfield code="v">6.</subfield>
  </datafield>
  <datafield tag="907" ind1=" " ind2=" ">
    <subfield code="a">.b12552847</subfield>
    <subfield code="b">18-11-16</subfield>
    <subfield code="c">11-05-24</subfield>
  </datafield>
  <datafield tag="907" ind1=" " ind2=" ">
    <subfield code="a">.b12552847</subfield>
    <subfield code="b">15-10-15</subfield>
    <subfield code="c">11-05-24</subfield>
  </datafield>
  <datafield tag="945" ind1=" " ind2=" ">
    <subfield code="f">J</subfield>
    <subfield code="a">892.78:Sh5985YfaA:c.1</subfield>
    <subfield code="i">01040380</subfield>
    <subfield code="j">.i13060119</subfield>
    <subfield code="l">u0503</subfield>
  </datafield>
  <datafield tag="998" ind1=" " ind2=" ">
    <subfield code="a">u05</subfield>
    <subfield code="b">97-08-01</subfield>
    <subfield code="c">m</subfield>
    <subfield code="d">a  </subfield>
    <subfield code="e">-</subfield>
    <subfield code="f">ara</subfield>
    <subfield code="g">le </subfield>
    <subfield code="h">0</subfield>
    <subfield code="i">1</subfield>
  </datafield>
</record>
</collection>
